@article{Jahani:2011,
 author = {Jahani, Eaman and Cafarella, Michael J. and R{\'e}, Christopher},
 title = {Automatic Optimization for MapReduce Programs},
 journal = {Proc. VLDB Endow.},
 issue_date = {March 2011},
 volume = {4},
 number = {6},
 month = mar,
 year = {2011},
 issn = {2150-8097},
 pages = {385--396},
 numpages = {12},
 url = {http://dx.doi.org/10.14778/1978665.1978670},
 doi = {10.14778/1978665.1978670},
 acmid = {1978670},
 publisher = {VLDB Endowment},
} 
}

@inproceedings{Pavlo:2009,
 author = {Pavlo, Andrew and Paulson, Erik and Rasin, Alexander and Abadi, Daniel J. and DeWitt, David J. and Madden, Samuel and Stonebraker, Michael},
 title = {A Comparison of Approaches to Large-scale Data Analysis},
 booktitle = {Proceedings of the 2009 ACM SIGMOD International Conference on Management of Data},
 series = {SIGMOD '09},
 year = {2009},
 isbn = {978-1-60558-551-2},
 location = {Providence, Rhode Island, USA},
 pages = {165--178},
 numpages = {14},
 url = {http://doi.acm.org/10.1145/1559845.1559865},
 doi = {10.1145/1559845.1559865},
 acmid = {1559865},
 publisher = {ACM},
 address = {New York, NY, USA},
 keywords = {benchmarks, mapreduce, parallel database},
} 
}
@article{SCOPE,
 author = {Chaiken, Ronnie and Jenkins, Bob and Larson, Perake and Ramsey, Bill and Shakib, Darren and Weaver, Simon and Zhou, Jingren},
 title = {SCOPE: Easy and Efficient Parallel Processing of Massive Data Sets},
 journal = {Proc. VLDB Endow.},
 issue_date = {August 2008},
 volume = {1},
 number = {2},
 month = aug,
 year = {2008},
 issn = {2150-8097},
 pages = {1265--1276},
 numpages = {12},
 url = {http://dx.doi.org/10.14778/1454159.1454166},
 doi = {10.14778/1454159.1454166},
 acmid = {1454166},
 publisher = {VLDB Endowment},
} 


